<?xml version="1.0" encoding="UTF-8"?>
<record xmlns="http://www.loc.gov/MARC21/slim">
   <leader>00524nam a22001695  4500</leader>
   <controlfield tag="001">1685295</controlfield>
   <controlfield tag="003">NjP</controlfield>
   <controlfield tag="008">991119s1924    sy a          000 0 ara d</controlfield>
   <datafield tag="024" ind1="7" ind2=" ">
      <subfield code="a">princeton_aco004709</subfield>
      <subfield code="2">local</subfield>
   </datafield>
   <datafield ind1=" " ind2=" " tag="035">
      <subfield code="a">(OCoLC)ocm42862192</subfield>
   </datafield>
   <datafield ind1=" " ind2=" " tag="035">
      <subfield code="9">CFK8435TS</subfield>
   </datafield>
   <datafield ind1=" " ind2=" " tag="040">
      <subfield code="a">PUL</subfield>
      <subfield code="c">PUL</subfield>
   </datafield>
   <datafield ind1="1" ind2=" " tag="100">
      <subfield code="a">Shahbandar, Aḥmad Bahjat,</subfield>
      <subfield code="d">d.1954.</subfield>
   </datafield>
   <datafield ind1="0" ind2="0" tag="245">
      <subfield code="a">Tārīkh duwal al-ṭawāʾif al-Islāmīyah wa-nubdhan min tārīkh al-duwal al-gharbīyah.</subfield>
   </datafield>
   <datafield ind1=" " ind2=" " tag="260">
      <subfield code="a">Aleppo,</subfield>
      <subfield code="b">Maktabat al-Nahḍah,</subfield>
      <subfield code="c">1924.</subfield>
   </datafield>
   <datafield ind1=" " ind2=" " tag="300">
      <subfield code="a">106 p.</subfield>
      <subfield code="b">illus.</subfield>
      <subfield code="c">22 cm.</subfield>
   </datafield>
   <datafield ind1=" " ind2=" " tag="546">
      <subfield code="a">In Arabic.</subfield>
   </datafield>
   <datafield ind1=" " ind2=" " tag="947">
      <subfield code="a">CFK8435</subfield>
   </datafield>
   <datafield ind1=" " ind2=" " tag="911">
      <subfield code="a">20000130</subfield>
   </datafield>
   <datafield ind1="8" ind2="0" tag="852">
      <subfield code="0">1941954</subfield>
      <subfield code="b">rcppa</subfield>
      <subfield code="t">0</subfield>
      <subfield code="h">2274.86832.389</subfield>
      <subfield code="x">tr fr f</subfield>
   </datafield>
   <datafield ind1=" " ind2=" " tag="959">
      <subfield code="a">2000-06-13 00:00:00 -0500</subfield>
   </datafield>
</record>
